<?xml version="1.0" encoding="UTF-8"?><collection xmlns="http://www.loc.gov/MARC21/slim"><record><leader>00384nam--2200145-i-4500</leader><controlfield tag="001">000028321</controlfield><controlfield tag="002">20161230</controlfield><controlfield tag="005">20161230201037</controlfield><controlfield tag="008">060222s1000------------r-----000-0-eng-d</controlfield><datafield ind1=" " ind2=" " tag="080"><subfield code="a">002</subfield></datafield><datafield ind1=" " ind2=" " tag="100"><subfield code="a">Kent, Allen</subfield></datafield><datafield ind1=" " ind2=" " tag="245"><subfield code="a">Information analysis and retrieval</subfield></datafield><datafield ind1=" " ind2=" " tag="260"><subfield code="a">New York, A Wiley-becker-hayes Publ., 1971. Xiii+367p</subfield></datafield><datafield ind1=" " ind2=" " tag="490"><subfield code="a">Information Sciences Series</subfield></datafield><datafield ind1=" " ind2=" " tag="852"><subfield code="a">35262</subfield></datafield></record></collection>